<record><leader>00000cas a2200000 a 4500</leader><controlfield tag="001">12255276</controlfield><controlfield tag="008">850711c198u9999wiuqr ne      0    0eng c</controlfield><datafield ind1=" " ind2=" " tag="010"><subfield code="a">sn 94042525 </subfield></datafield><datafield ind1=" " ind2=" " tag="040"><subfield code="a">EZT</subfield><subfield code="b">eng</subfield><subfield code="c">EZT</subfield><subfield code="d">OCL</subfield><subfield code="d">PIT</subfield><subfield code="d">DLC</subfield><subfield code="d">CVF</subfield><subfield code="d">EYM</subfield><subfield code="d">WAU</subfield><subfield code="d">OCLCQ</subfield><subfield code="d">OCLCF</subfield><subfield code="d">GRR</subfield><subfield code="d">OCLCO</subfield><subfield code="d">OCL</subfield></datafield><datafield ind1=" " ind2=" " tag="012"><subfield code="i">9411</subfield></datafield><datafield ind1=" " ind2=" " tag="019"><subfield code="a">12317809</subfield></datafield><datafield ind1=" " ind2=" " tag="042"><subfield code="a">pcc</subfield></datafield><datafield ind1=" " ind2=" " tag="043"><subfield code="a">nl-----</subfield><subfield code="a">n-us-wi</subfield></datafield><datafield ind1="1" ind2="4" tag="050"><subfield code="a">E99.C6</subfield><subfield code="b">M3</subfield></datafield><datafield ind1="0" ind2="0" tag="245"><subfield code="a">Masinaigan.</subfield></datafield><datafield ind1="1" ind2=" " tag="246"><subfield code="i">Issues for summer 2002- have title:</subfield><subfield code="a">Mazina'igan</subfield></datafield><datafield ind1="3" ind2="1" tag="246"><subfield code="a">Talking paper</subfield></datafield><datafield ind1=" " ind2=" " tag="260"><subfield code="a">Odanah, Wis. :</subfield><subfield code="b">Great Lakes Indian Fish &amp; Wildlife Commission</subfield></datafield><datafield ind1=" " ind2=" " tag="300"><subfield code="a">v. :</subfield><subfield code="b">ill. ;</subfield><subfield code="c">45 cm.</subfield></datafield><datafield ind1=" " ind2=" " tag="310"><subfield code="a">Quarterly,</subfield><subfield code="b">Fall 1991-</subfield></datafield><datafield ind1=" " ind2=" " tag="321"><subfield code="a">Monthly,</subfield><subfield code="b">&lt;1984&gt;-Oct. 1987</subfield></datafield><datafield ind1=" " ind2=" " tag="321"><subfield code="a">Bimonthly,</subfield><subfield code="b">Nov./Dec. 1987-June/July 1991</subfield></datafield><datafield ind1=" " ind2=" " tag="500"><subfield code="a">"A Chronicle of the Lake Superior Ojibway," &lt;1984&gt;-</subfield></datafield><datafield ind1=" " ind2=" " tag="515"><subfield code="a">Issues for &lt;Dec. 1984&gt; called also &lt;v. 3&gt;</subfield></datafield><datafield ind1=" " ind2=" " tag="525"><subfield code="a">Supplements accompany some issues.</subfield></datafield><datafield ind1=" " ind2=" " tag="546"><subfield code="a">In English.</subfield></datafield><datafield ind1=" " ind2=" " tag="588"><subfield code="a">Description based on: Dec. 1984.</subfield></datafield><datafield ind1=" " ind2=" " tag="588"><subfield code="a">Latest issue consulted: Winter 2005/2006.</subfield></datafield><datafield ind1=" " ind2="0" tag="650"><subfield code="a">Ojibwa Indians</subfield><subfield code="z">Great Lakes Region (North America)</subfield><subfield code="v">Newspapers.</subfield></datafield><datafield ind1=" " ind2="0" tag="650"><subfield code="a">Ojibwa Indians</subfield><subfield code="x">Hunting</subfield><subfield code="z">Great Lakes Region (North America)</subfield><subfield code="v">Newspapers.</subfield></datafield><datafield ind1=" " ind2="0" tag="650"><subfield code="a">Ojibwa Indians</subfield><subfield code="x">Fishing</subfield><subfield code="z">Great Lakes Region (North America)</subfield><subfield code="v">Newspapers.</subfield></datafield><datafield ind1=" " ind2="0" tag="650"><subfield code="a">Environmental protection</subfield><subfield code="z">Great Lakes Region (North America)</subfield><subfield code="v">Newspapers.</subfield></datafield><datafield ind1=" " ind2="0" tag="651"><subfield code="a">Ashland County (Wis.)</subfield><subfield code="v">Newspapers.</subfield></datafield><datafield ind1=" " ind2="7" tag="650"><subfield code="a">Environmental protection.</subfield><subfield code="2">fast</subfield><subfield code="0">(OCoLC)fst00913324</subfield></datafield><datafield ind1=" " ind2="7" tag="650"><subfield code="a">Ojibwa Indians.</subfield><subfield code="2">fast</subfield><subfield code="0">(OCoLC)fst01045067</subfield></datafield><datafield ind1=" " ind2="7" tag="650"><subfield code="a">Ojibwa Indians</subfield><subfield code="x">Fishing.</subfield><subfield code="2">fast</subfield><subfield code="0">(OCoLC)fst01045079</subfield></datafield><datafield ind1=" " ind2="7" tag="650"><subfield code="a">Ojibwa Indians</subfield><subfield code="x">Hunting.</subfield><subfield code="2">fast</subfield><subfield code="0">(OCoLC)fst01045088</subfield></datafield><datafield ind1=" " ind2="7" tag="651"><subfield code="a">Great Lakes Region.</subfield><subfield code="2">fast</subfield><subfield code="0">(OCoLC)fst01258523</subfield></datafield><datafield ind1=" " ind2="7" tag="651"><subfield code="a">Wisconsin</subfield><subfield code="z">Ashland County.</subfield><subfield code="2">fast</subfield><subfield code="0">(OCoLC)fst01215962</subfield></datafield><datafield ind1=" " ind2="7" tag="655"><subfield code="a">Periodicals.</subfield><subfield code="2">fast</subfield><subfield code="0">(OCoLC)fst01411641</subfield></datafield><datafield ind1=" " ind2="7" tag="655"><subfield code="a">Newspapers.</subfield><subfield code="2">fast</subfield><subfield code="0">(OCoLC)fst01423814</subfield></datafield><datafield ind1=" " ind2="7" tag="655"><subfield code="a">Periodicals.</subfield><subfield code="2">lcgft</subfield></datafield><datafield ind1="2" ind2=" " tag="710"><subfield code="a">Great Lakes Indian Fish &amp; Wildlife Commission.</subfield></datafield><datafield ind1=" " ind2=" " tag="752"><subfield code="a">United States</subfield><subfield code="b">Wisconsin</subfield><subfield code="c">Ashland</subfield><subfield code="d">Odanah.</subfield></datafield><datafield ind1=" " ind2=" " tag="850"><subfield code="a">PPiU</subfield></datafield><datafield ind1="1" ind2=" " tag="029"><subfield code="a">AU@</subfield><subfield code="b">000011357572</subfield></datafield></record>